@article {konuralpjournalmath848006, 
    journal = {Konuralp Journal of Mathematics (KJM)}, 
    issn = {},
    eissn = {2147-625X}, 
    address = {}, 
    publisher = {Mehmet Zeki SARIKAYA}, 
    year = {2021},
    volume = {9}, 
    pages = {183 - 189}, 
    doi = {}, 
    title = {Some Properties of Leonardo Numbers}, 
    key = {cite}, 
    author = {Alp, Yasemin and Koçer, E. Gökçen} 
}
